
@article{abdallah2006,
  title = {Masses, Lifetimes and Production Rates of {{$\Xi$}}- and {{$\Xi$}}\textasciimacron + at {{LEP}} 1},
  author = {Abdallah, J. and Abreu, P. and Adam, W. and Adzic, P. and Albrecht, T. and Alderweireld, T. and {Alemany-Fernandez}, R. and Allmendinger, T. and Allport, P. P. and Amaldi, U. and Amapane, N. and Amato, S. and Anashkin, E. and Andreazza, A. and Andringa, S. and Anjos, N. and Antilogus, P. and Apel, W. -D. and Arnoud, Y. and Ask, S. and Asman, B. and Augustin, J. E. and Augustinus, A. and Baillon, P. and Ballestrero, A. and Bambade, P. and Barbier, R. and Bardin, D. and Barker, G. J. and Baroncelli, A. and Battaglia, M. and Baubillier, M. and Becks, K. -H. and Begalli, M. and Behrmann, A. and {Ben-Haim}, E. and Benekos, N. and Benvenuti, A. and Berat, C. and Berggren, M. and Berntzon, L. and Bertrand, D. and Besancon, M. and Besson, N. and Bloch, D. and Blom, M. and Bluj, M. and Bonesini, M. and Boonekamp, M. and Booth, P. S. L. and Borisov, G. and Botner, O. and Bouquet, B. and Bowcock, T. J. V. and Boyko, I. and Bracko, M. and Brenner, R. and Brodet, E. and Bruckman, P. and Brunet, J. M. and Buschbeck, B. and Buschmann, P. and Calvi, M. and Camporesi, T. and Canale, V. and Carena, F. and Castro, N. and Cavallo, F. and Chapkin, M. and Charpentier, Ph. and Checchia, P. and Chierici, R. and Chliapnikov, P. and Chudoba, J. and Chung, S. U. and Cieslik, K. and Collins, P. and Contri, R. and Cosme, G. and Cossutti, F. and Costa, M. J. and Crennell, D. and Cuevas, J. and D'Hondt, J. and Dalmau, J. and {da Silva}, T. and Da Silva, W. and Della Ricca, G. and De Angelis, A. and De Boer, W. and De Clercq, C. and De Lotto, B. and De Maria, N. and De Min, A. and {de Paula}, L. and Di Ciaccio, L. and Di Simone, A. and Doroba, K. and Drees, J. and Eigen, G. and Ekelof, T. and Ellert, M. and Elsing, M. and Espirito Santo, M. C. and Fanourakis, G. and Fassouliotis, D. and Feindt, M. and Fernandez, J. and Ferrer, A. and Ferro, F. and Flagmeyer, U. and Foeth, H. and Fokitis, E. and {Fulda-Quenzer}, F. and Fuster, J. and Gandelman, M. and Garcia, C. and Gavillet, Ph. and Gazis, E. and Gokieli, R. and Golob, B. and {Gomez-Ceballos}, G. and Goncalves, P. and Graziani, E. and Grosdidier, G. and Grzelak, K. and Guy, J. and Haag, C. and Hallgren, A. and Hamacher, K. and Hamilton, K. and Haug, S. and Hauler, F. and Hedberg, V. and Hennecke, M. and Herr, H. and Hoffman, J. and Holmgren, S. -O. and Holt, P. J. and Houlden, M. A. and Jackson, J. N. and Jarlskog, G. and Jarry, P. and Jeans, D. and Johansson, E. K. and Johansson, P. D. and Jonsson, P. and Joram, C. and Jungermann, L. and Kapusta, F. and Katsanevas, S. and Katsoufis, E. and Kernel, G. and Kersevan, B. P. and Kerzel, U. and King, B. T. and Kjaer, N. J. and Kluit, P. and Kokkinias, P. and Kourkoumelis, C. and Kouznetsov, O. and Krumstein, Z. and Kucharczyk, M. and Lamsa, J. and Leder, G. and Ledroit, F. and Leinonen, L. and Leitner, R. and Lemonne, J. and Lepeltier, V. and Lesiak, T. and Liebig, W. and Liko, D. and Lipniacka, A. and Lopes, J. H. and Lopez, J. M. and Loukas, D. and Lutz, P. and Lyons, L. and MacNaughton, J. and Malek, A. and Maltezos, S. and Mandl, F. and Marco, J. and Marco, R. and Marechal, B. and Margoni, M. and Marin, J. -C. and Mariotti, C. and Markou, A. and {Martinez-Rivero}, C. and Masik, J. and Mastroyiannopoulos, N. and Matorras, F. and Matteuzzi, C. and Mazzucato, F. and Mazzucato, M. and Mc Nulty, R. and Meroni, C. and Migliore, E. and Mitaroff, W. and Mjoernmark, U. and Moa, T. and Moch, M. and Moenig, K. and Monge, R. and Montenegro, J. and Moraes, D. and Moreno, S. and Morettini, P. and Mueller, U. and Muenich, K. and Mulders, M. and Mundim, L. and Murray, W. and Muryn, B. and Myatt, G. and Myklebust, T. and Nassiakou, M. and Navarria, F. and Nawrocki, K. and Nicolaidou, R. and Nikolenko, M. and Niss, P. and {Oblakowska-Mucha}, A. and Obraztsov, V. and Olshevski, A. and Onofre, A. and Orava, R. and Osterberg, K. and Ouraou, A. and Oyanguren, A. and Paganoni, M. and Paiano, S. and Palacios, J. P. and Palka, H. and Papadopoulou, Th. D. and Pape, L. and Parkes, C. and Parodi, F. and Parzefall, U. and Passeri, A. and Passon, O. and Peralta, L. and Perepelitsa, V. and Perrotta, A. and Petrolini, A. and Piedra, J. and Pieri, L. and Pierre, F. and Pimenta, M. and Piotto, E. and Podobnik, T. and Poireau, V. and Pol, M. E. and Polok, G. and Pozdniakov, V. and Pukhaeva, N. and Pullia, A. and Rames, J. and Read, A. and Rebecchi, P. and Rehn, J. and Reid, D. and Reinhardt, R. and Renton, P. and Richard, F. and Ridky, J. and Rivero, M. and Rodriguez, D. and Romero, A. and Ronchese, P. and Roudeau, P. and Rovelli, T. and {Ruhlmann-Kleider}, V. and Ryabtchikov, D. and Sadovsky, A. and Salmi, L. and Salt, J. and Sander, C. and {Savoy-Navarro}, A. and Schwickerath, U. and Sekulin, R. and Siebel, M. and Sisakian, A. and Smadja, G. and Smirnova, O. and Sokolov, A. and Sopczak, A. and Sosnowski, R. and Spassov, T. and Stanitzki, M. and Stocchi, A. and Strauss, J. and Stugu, B. and Szczekowski, M. and Szeptycka, M. and Szumlak, T. and Tabarelli, T. and Taffard, A. C. and Tegenfeldt, F. and Timmermans, J. and Tkatchev, L. and Tobin, M. and Todorovova, S. and Tome, B. and Tonazzo, A. and Tortosa, P. and Travnicek, P. and Treille, D. and Tristram, G. and Trochimczuk, M. and Troncon, C. and Turluer, M. -L. and Tyapkin, I. A. and Tyapkin, P. and Tzamarias, S. and Uvarov, V. and Valenti, G. and Van Dam, P. and Van Eldik, J. and {van Remortel}, N. and Van Vulpen, I. and Vegni, G. and Veloso, F. and Venus, W. and Verdier, P. and Verzi, V. and Vilanova, D. and Vitale, L. and Vrba, V. and Wahlen, H. and Walck, C. and Washbrook, A. J. and Weiser, C. and Wicke, D. and Wickens, J. and Wilkinson, G. and Winter, M. and Witek, M. and Yushchenko, O. and Zalewska, A. and Zalewski, P. and Zavrtanik, D. and Zhuravlov, V. and Zimin, N. I. and Zintchenko, A. and Zupan, M.},
  year = {2006},
  month = aug,
  journal = {Physics Letters B},
  volume = {639},
  number = {3},
  pages = {179--191},
  issn = {0370-2693},
  doi = {10.1016/j.physletb.2006.06.029},
  abstract = {Measurements of the {$\Xi-$} and {$\Xi$}\textasciimacron + masses, mass differences, lifetimes and lifetime differences are presented. The {$\Xi$}\textasciimacron + sample used is much larger than those used previously for such measurements. In addition, the {$\Xi$} production rates in Z\textrightarrow bb\textasciimacron{} and Z\textrightarrow qq\textasciimacron{} events are compared and the position {$\xi{_\ast}$} of the maximum of the {$\xi$} distribution in Z\textrightarrow qq\textasciimacron{} events is measured.},
  langid = {english},
  file = {/home/rschotte/snap/zotero-snap/common/Zotero/storage/JZXRYV7J/Abdallah et al. - 2006 - Masses, lifetimes and production rates of Ξ− and Ξ.pdf;/home/rschotte/snap/zotero-snap/common/Zotero/storage/HWJF5BLB/S0370269306007659.html}
}

@article{alicecollaboration2008,
  title = {The {{ALICE}} Experiment at the {{CERN LHC}}},
  author = {ALICE Collaboration and Aamodt, K. and Quintana, A. Abrahantes and Achenbach, R. and Acounis, S. and Adamov{\'a}, D. and Adler, C. and Aggarwal, M. and Agnese, F. and Rinella, G. Aglieri and Ahammed, Z. and Ahmad, A. and Ahmad, N. and Ahmad, S. and Akindinov, A. and Akishin, P. and Aleksandrov, D. and Alessandro, B. and Alfaro, R. and Alfarone, G. and Alici, A. and Alme, J. and Alt, T. and Altinpinar, S. and Amend, W. and Andrei, C. and Andres, Y. and Andronic, A. and Anelli, G. and Anfreville, M. and Angelov, V. and Anzo, A. and Anson, C. and Antici{\'c}, T. and Antonenko, V. and Antonczyk, D. and Antinori, F. and Antinori, S. and Antonioli, P. and Aphecetche, L. and Appelsh{\"a}user, H. and Aprodu, V. and Arba, M. and Arcelli, S. and Argentieri, A. and Armesto, N. and Arnaldi, R. and Arefiev, A. and Arsene, I. and Asryan, A. and Augustinus, A. and Awes, T. C. and {\"A}ysto, J. and Azmi, M. Danish and Bablock, S. and Badal{\`a}, A. and Badyal, S. K. and Baechler, J. and Bagnasco, S. and Bailhache, R. and Bala, R. and Baldisseri, A. and Baldit, A. and B{\'a}n, J. and Barbera, R. and Barberis, P.-L. and Barbet, J. M. and Barn{\"a}foldi, G. and Barret, V. and Bartke, J. and Bartos, D. and Basile, M. and Basmanov, V. and Bastid, N. and Batigne, G. and Batyunya, B. and Baudot, J. and Baumann, C. and Bearden, I. and Becker, B. and Belikov, J. and Bellwied, R. and {Belmont-Moreno}, E. and Belogianni, A. and Belyaev, S. and Benato, A. and Beney, J. L. and Benhabib, L. and Benotto, F. and Beol{\'e}, S. and Berceanu, I. and Bercuci, A. and Berdermann, E. and Berdnikov, Y. and Bernard, C. and Berny, R. and Berst, J. D. and Bertelsen, H. and Betev, L. and Bhasin, A. and Baskar, P. and Bhati, A. and Bianchi, N. and Biel{\v c}ik, J. and Biel{\v c}ikov{\'a}, J. and Bimbot, L. and Blanchard, G. and Blanco, F. and Blanco, F. and Blau, D. and Blume, C. and Blyth, S. and Boccioli, M. and Bogdanov, A. and B{\o}ggild, H. and Bogolyubsky, M. and Boldizs{\'a}r, L. and Bombara, M. and Bombonati, C. and Bondila, M. and Bonnet, D. and Bonvicini, V. and Borel, H. and Borotto, F. and Borshchov, V. and Bortoli, Y. and Borysov, O. and Bose, S. and Bosisio, L. and Botje, M. and B{\"o}ttger, S. and Bourdaud, G. and Bourrion, O. and Bouvier, S. and Braem, A. and Braun, M. and {Braun-Munzinger}, P. and Bravina, L. and Bregant, M. and Bruckner, G. and Brun, R. and Bruna, E. and Brunasso, O. and Bruno, G. E. and Bucher, D. and Budilov, V. and Budnikov, D. and Buesching, H. and Buncic, P. and Burns, M. and Burachas, S. and Busch, O. and Bushop, J. and Cai, X. and Caines, H. and Calaon, F. and Caldogno, M. and Cali, I. and Camerini, P. and Campagnolo, R. and Campbell, M. and Cao, X. and Capitani, G. P. and Romeo, G. Cara and {Cardenas-Montes}, M. and Carduner, H. and Carena, F. and Carena, W. and Cariola, P. and Carminati, F. and Casado, J. and Diaz, A. Casanova and Caselle, M. and Castellanos, J. Castillo and Castor, J. and Catanescu, V. and Cattaruzza, E. and Cavazza, D. and Cerello, P. and Ceresa, S. and {\v C}ern{\'y}, V. and Chambert, V. and Chapeland, S. and Charpy, A. and Charrier, D. and Chartoire, M. and Charvet, J. L. and Chattopadhyay, S. and Chattopadhyay, S. and Chepurnov, V. and Chernenko, S. and Cherney, M. and Cheshkov, C. and Cheynis, B. and Chochula, P. and Chiavassa, E. and Barroso, V. Chibante and Choi, J. and Christakoglou, P. and Christiansen, P. and Christensen, C. and Chykalov, O. A. and Cicalo, C. and {Cifarelli-Strolin}, L. and Ciobanu, M. and Cindolo, F. and Cirstoiu, C. and Clausse, O. and Cleymans, J. and Cobanoglu, O. and Coffin, J.-P. and Coli, S. and Colla, A. and Colledani, C. and Combaret, C. and Combet, M. and Comets, M. and Balbastre, G. Conesa and del Valle, Z. Conesa and Contin, G. and Contreras, J. and Cormier, T. and Corsi, F. and Cortese, P. and Costa, F. and Crescio, E. and Crochet, P. and Cuautle, E. and Cussonneau, J. and Dahlinger, M. and Dainese, A. and Dalsgaard, H. H. and Daniel, L. and Das, I. and Das, T. and Dash, A. and Silva, R. Da and Davenport, M. and Daues, H. and Caro, A. De and de Cataldo, G. and Cuveland, J. De and Falco, A. De and de Gaspari, M. and de Girolamo, P. and de Groot, J. and Gruttola, D. De and Haas, A. De and Marco, N. De and Pasquale, S. De and Remigis, P. De and de Vaux, D. and Decock, G. and Delagrange, H. and Franco, M. Del and Dellacasa, G. and Dell{\textbackslash}textquotesingleOlio, C. and Dell{\textbackslash}textquotesingleOlio, D. and Deloff, A. and Demanov, V. and D{\'e}nes, E. and D{\textbackslash}textquotesingleErasmo, G. and Derkach, D. and Devaux, A. and Bari, D. Di and Bartelomen, A. Di and Giglio, C. Di and Liberto, S. Di and Mauro, A. Di and Nezza, P. Di and Dialinas, M. and Diaz, L. and Valdes, R. D{\'i}az and Dietel, T. and Dima, R. and Ding, H. and Dinca, C. and Divi{\`a}, R. and Dobretsov, V. and Dobrin, A. and Doenigus, B. and Dobrowolski, T. and Dom{\'i}nguez, I. and Dorn, M. and Drouet, S. and Dubey, A. E. and Ducroux, L. and Dumitrache, F. and Dumonteil, E. and Dupieux, P. and Duta, V. and Majumdar, A. Dutta and Majumdar, M. Dutta and Dyhre, Th and Efimov, L. and Efremov, A. and Elia, D. and Emschermann, D. and Engster, C. and Enokizono, A. and Espagnon, B. and Estienne, M. and Evangelista, A. and Evans, D. and Evrard, S. and Fabjan, C. W. and Fabris, D. and Faivre, J. and Falchieri, D. and Fantoni, A. and Farano, R. and Fearick, R. and Fedorov, O. and Fekete, V. and Felea, D. and Feofilov, G. and T{\'e}llez, A. F{\'e}rnandez and Ferretti, A. and Fichera, F. and Filchagin, S. and Filoni, E. and Finck, C. and Fini, R. and Fiore, E. M. and Flierl, D. and Floris, M. and Fodor, Z. and Foka, Y. and Fokin, S. and Force, P. and Formenti, F. and Fragiacomo, E. and Fragkiadakis, M. and Fraissard, D. and Franco, A. and Franco, M. and Frankenfeld, U. and Fratino, U. and Fresneau, S. and Frolov, A. and Fuchs, U. and Fujita, J. and Furget, C. and Furini, M. and Girard, M. Fusco and Gaardh{\o}je, J.-J. and Gabrielli, A. and Gadrat, S. and Gagliardi, M. and Gago, A. and Gaido, L. and Torreira, A. Gallas and Gallio, M. and Gandolfi, E. and Ganoti, P. and Ganti, M. and Garabatos, J. and Lopez, A. Garcia and Garizzo, L. and Gaudichet, L. and Gemme, R. and Germain, M. and Gheata, A. and Gheata, M. and Ghidini, B. and Ghosh, P. and Giolu, G. and Giraudo, G. and Giubellino, P. and Glasow, R. and Gl{\"a}ssel, P. and Ferreiro, E. G. and Gutierrez, C. Gonzalez and {Gonzales-Trueba}, L. H. and Gorbunov, S. and Gorbunov, Y. and Gos, H. and Gosset, J. and Gotovac, S. and Gottschlag, H. and Gottschalk, D. and Grabski, V. and Grassi, T. and Gray, H. and Grebenyuk, O. and Grebieszkow, K. and Gregory, C. and Grigoras, C. and Grion, N. and Grigoriev, V. and Grigoryan, A. and Grigoryan, C. and Grigoryan, S. and Grishuk, Y. and Gros, P. and {Grosse-Oetringhaus}, J. and Grossiord, J.-Y. and Grosso, R. and Grynyov, B. and Guarnaccia, C. and Guber, F. and Guerin, F. and Guernane, R. and Guerzoni, M. and Guichard, A. and Guida, M. and Guilloux, G. and Gulkanyan, H. and Gulbrandsen, K. and Gunji, T. and Gupta, A. and Gupta, V. and Gustafsson, H.-A. and Gutbrod, H. and Hadjidakis, C. and Haiduc, M. and Hamar, G. and Hamagaki, H. and Hamblen, J. and Hansen, J. C. and Hardy, P. and Hatzifotiadou, D. and Harris, J. W. and Hartig, M. and Harutyunyan, A. and Hayrapetyan, A. and Hasch, D. and Hasegan, D. and Hehner, J. and Heine, N. and Heinz, M. and Helstrup, H. and Herghelegiu, A. and Herlant, S. and Corral, G. Herrera and Herrmann, N. and Hetland, K. and Hille, P. and Hinke, H. and Hippolyte, B. and Hoch, M. and Hoebbel, H. and Hoedlmoser, H. and Horaguchi, T. and Horner, M. and Hristov, P. and H{\v r}ivn{\'a}{\v c}ov{\'a}, I. and Hu, S. and Guo, C. Hu and Humanic, T. and Hurtado, A. and Hwang, D. S. and Ianigro, J. C. and Idzik, M. and Igolkin, S. and Ilkaev, R. and Ilkiv, I. and Imhoff, M. and Innocenti, P. G. and Ionescu, E. and Ippolitov, M. and Irfan, M. and Insa, C. and Inuzuka, M. and Ivan, C. and Ivanov, A. and Ivanov, M. and Ivanov, V. and Jacobs, P. and Jacholkowski, A. and Jan{\v c}urov{\'a}, L. and Janik, R. and Jasper, M. and Jena, C. and Jirden, L. and Johnson, D. P. and Jones, G. T. and Jorgensen, C. and Jouve, F. and Jovanovi{\'c}, P. and Junique, A. and Jusko, A. and Jung, H. and Jung, W. and Kadija, K. and Kamal, A. and Kamermans, R. and Kapusta, S. and Kaidalov, A. and Kakoyan, V. and Kalcher, S. and Kang, E. and Kapitan, J. and Kaplin, V. and Karadzhev, K. and Karavichev, O. and Karavicheva, T. and Karpechev, E. and Karpio, K. and Kazantsev, A. and Kebschull, U. and Keidel, R. and Khan, M. Mohsin and Khanzadeev, A. and Kharlov, Y. and Kikola, D. and Kileng, B. and Kim, D. and Kim, D. S. and Kim, D. W. and Kim, H. N. and Kim, J. S. and Kim, S. and Kinson, J. B. and Kiprich, S. K. and Kisel, I. and Kiselev, S. and Kisiel, A. and Kiss, T. and Kiworra, V. and Klay, J. and B{\"o}sing, C. Klein and Kliemant, M. and Klimov, A. and Klovning, A. and Kluge, A. and Kluit, R. and Kniege, S. and Kolevatov, R. and Kollegger, T. and Kolojvari, A. and Kondratiev, V. and Kornas, E. and Koshurnikov, E. and Kotov, I. and Kour, R. and Kowalski, M. and Kox, S. and Kozlov, K. and Kr{\'a}lik, I. and Kramer, F. and Kraus, I. and Krav{\v c}{\'a}kov{\'a}, A. and Krawutschke, T. and Krivda, M. and Kryshen, E. and Kucheriaev, Y. and Kugler, A. and Kuhn, C. and Kuijer, P. and Kumar, L. and Kumar, N. and Kumpumaeki, P. and Kurepin, A. and Kurepin, A. N. and Kushpil, S. and Kushpil, V. and Kutovsky, M. and Kvaerno, H. and Kweon, M. and Labb{\'e}, J.-C. and Lackner, F. and de Guevara, P. Ladron and Lafage, V. and Rocca, P. La and Lamont, M. and Lara, C. and Larsen, D. T. and Laurenti, G. and Lazzeroni, C. and Bornec, Y. Le and Bris, N. Le and Gailliard, C. Le and Lebedev, V. and Lecoq, J. and Lee, K. S. and Lee, S. C. and Lef{\'e}vre, F. and Legrand, I. and Lehmann, T. and Leistam, L. and Lenoir, P. and Lenti, V. and Leon, H. and Monzon, I. Leon and L{\'e}vai, P. and Li, Q. and Li, X. and Librizzi, F. and Lietava, R. and Lindegaard, N. and Lindenstruth, V. and Lippmann, C. and Lisa, M. and Listratenko, O. M. and Littel, F. and Liu, Y. and Lo, J. and Lobanov, V. and Loginov, V. and Noriega, M. L{\'o}pez and {L{\'o}pez-Ram{\'i}rez}, R. and Torres, E. L{\'o}pez and Lorenzo, P. M. and L{\o}vh{\o}iden, G. and Lu, S. and Ludolphs, W. and Lunardon, M. and Luquin, L. and Lusso, S. and Lutz, J.-R. and Luvisetto, M. and Lyapin, V. and Maevskaya, A. and Magureanu, C. and Mahajan, A. and Majahan, S. and Mahmoud, T. and Mairani, A. and Mahapatra, D. and Makarov, A. and Makhlyueva, I. and Malek, M. and Malkiewicz, T. and Mal{\textbackslash}textquotesingleKevich, D. and Malzacher, P. and Mamonov, A. and Manea, C. and Mangotra, L. K. and Maniero, D. and Manko, V. and Manso, F. and Manzari, V. and Mao, Y. and Marcel, A. and Marchini, S. and Mare{\v s}, J. and Margagliotti, G. V. and Margotti, A. and Marin, A. and Marin, J.-C. and Marras, D. and Martinengo, P. and Mart{\'i}nez, M. I. and {Martinez-Davalos}, A. and Garcia, G. Mart{\'i}nez and Martini, S. and Chiesa, A. Marzari and Marzocca, C. and Masciocchi, S. and Masera, M. and Masetti, M. and Maslov, N. I. and Masoni, A. and Massera, F. and Mast, M. and Mastroserio, A. and Matthews, Z. L. and Mayer, B. and Mazza, G. and Mazzaro, M. D. and Mazzoni, A. and Meddi, F. and Meleshko, E. and {Menchaca-Rocha}, A. and Meneghini, S. and Meoni, M. and Perez, J. Mercado and Mereu, P. and Meunier, O. and Miake, Y. and Michalon, A. and Michinelli, R. and Miftakhov, N. and Mignone, M. and Mikhailov, K. and Milosevic, J. and Minaev, Y. and Minafra, F. and Mischke, A. and Mi{\'s}kowiec, D. and Mitsyn, V. and Mitu, C. and Mohanty, B. and Moisa, D. and Molnar, L. and Mondal, M. and Mondal, N. and Zetina, L. Monta{\~n}o and Monteno, M. and Morando, M. and Morel, M. and Moretto, S. and Morhardt, Th and Morsch, A. and Moukhanova, T. and Mucchi, M. and Muccifora, V. and Mudnic, E. and M{\"u}ller, H. and M{\"u}ller, W. and Munoz, J. and Mura, D. and Musa, L. and Muraz, J. F. and Musso, A. and Nania, R. and Nandi, B. and Nappi, E. and Navach, F. and Navin, S. and Nayak, T. and Nazarenko, S. and Nazarov, G. and Nellen, L. and Nendaz, F. and Nianine, A. and Nicassio, M. and Nielsen, B. S. and Nikolaev, S. and Nikolic, V. and Nikulin, S. and Nikulin, V. and Nilsen, B. and Nitti, M. and Noferini, F. and Nomokonov, P. and Nooren, G. and Noto, F. and Nouais, D. and Nyiri, A. and Nystrand, J. and Odyniec, G. and Oeschler, H. and Oinonen, M. and Oldenburg, M. and Oleks, I. and Olsen, E. K. and Onuchin, V. and Oppedisano, C. and Orsini, F. and {Ortiz-Vel{\'a}zquez}, A. and Oskamp, C. and Oskarsson, A. and Osmic, F. and {\"O}sterman, L. and Otterlund, I. and Ovrebekk, G. and Oyama, K. and Pachr, M. and Pagano, P. and Pai{\'c}, G. and Pajares, C. and Pal, S. and Pal, S. and P{\'a}lla, G. and Palmeri, A. and Pancaldi, G. and Panse, R. and Pantaleo, A. and Pappalardo, G. S. and Pastir{\v c}{\'a}k, B. and Pastore, C. and Patarakin, O. and Paticchio, V. and Patimo, G. and Pavlinov, A. and Pawlak, T. and Peitzmann, T. and P{\'e}nichot, Y. and Pepato, A. and Pereira, H. and Peresunko, D. and Perez, C. and Griffo, J. Perez and Perini, D. and Perrino, D. and Peryt, W. and Pesci, A. and Peskov, V. and Pestov, Y. and Peters, A. J. and Petr{\'a}{\v c}ek, V. and Petridis, A. and Petris, M. and Petrov, V. and Petrov, V. and Petrovici, M. and Peyr{\'e}, J. and Piano, S. and Piccotti, A. and Pichot, P. and Piemonte, C. and Pikna, M. and Pilastrini, R. and Pillot, P. and Pinazza, O. and Pini, B. and Pinsky, L. and Morais, V. Pinto and Pismennaya, V. and Piuz, F. and Platt, R. and Ploskon, M. and Plumeri, S. and Pluta, J. and Pocheptsov, T. and Podesta, P. and Poggio, F. and Poghosyan, M. and Poghosyan, T. and Pol{\'a}k, K. and Polichtchouk, B. and Polozov, P. and Polyakov, V. and Pommeresch, B. and Pompei, F. and Pop, A. and Popescu, S. and Posa, F. and Posp{\'i}{\v s}il, V. and Potukuchi, B. and Pouthas, J. and Prasad, S. and Preghenella, R. and Prino, F. and Prodan, L. and Prono, G. and Protsenko, M. A. and Pruneau, C. A. and Przybyla, A. and Pshenichnov, I. and Puddu, G. and Pujahari, P. and Pulvirenti, A. and Punin, A. and Punin, V. and Putschke, J. and Quartieri, J. and Quercigh, E. and Rachevskaya, I. and Rachevski, A. and Rademakers, A. and Radomski, S. and Radu, A. and Rak, J. and Ramello, L. and Raniwala, R. and Raniwala, S. and Rasmussen, O. B. and Rasson, J. and Razin, V. and Read, K. and Real, J. and Redlich, K. and Reichling, C. and Renard, C. and Renault, G. and Renfordt, R. and Reolon, A. R. and Reshetin, A. and Revol, J.-P. and Reygers, K. and Ricaud, H. and Riccati, L. and Ricci, R. A. and Richter, M. and Riedler, P. and Rigalleau, L. M. and Riggi, F. and Riegler, W. and Rindel, E. and Riso, J. and Rivetti, A. and Rizzi, M. and Rizzi, V. and Cahuantzi, M. Rodriguez and R{\o}ed, K. and R{\"o}hrich, D. and {Rom{\'a}n-L{\'o}pez}, S. and Romanato, M. and Romita, R. and Ronchetti, F. and Rosinsky, P. and Rosnet, P. and Rossegger, S. and Rossi, A. and Rostchin, V. and Rotondo, F. and Roukoutakis, F. and Rousseau, S. and Roy, C. and Roy, D. and Roy, P. and Royer, L. and Rubin, G. and Rubio, A. and Rui, R. and Rusanov, I. and Russo, G. and Ruuskanen, V. and Ryabinkin, E. and Rybicki, A. and Sadovsky, S. and {\v S}afa{\v r}{\'i}k, K. and Sahoo, R. and Saini, J. and Saiz, P. and Salur, S. and Sambyal, S. and Samsonov, V. and {\v S}{\'a}ndor, L. and Sandoval, A. and Sann, H. and Santiard, J.-C. and Santo, R. and Santoro, R. and Sargsyan, G. and Saturnini, P. and Scapparone, E. and Scarlassara, F. and Schackert, B. and Schiaua, C. and Schicker, R. and Schioler, T. and Schippers, J. D. and Schmidt, C. and Schmidt, H. and Schneider, R. and Schossmaier, K. and Schukraft, J. and Schutz, Y. and Schwarz, K. and Schweda, K. and Schyns, E. and Scioli, G. and Scomparin, E. and Snow, H. and Sedykh, S. and Segato, G. and Sellitto, S. and Semeria, F. and Senyukov, S. and Sepp{\"a}nen, H. and Serci, S. and Serkin, L. and Serra, S. and Sesselmann, T. and Sevcenco, A. and Sgura, I. and Shabratova, G. and Shahoyan, R. and Sharkov, E. and Sharma, S. and Shigaki, K. and Shileev, K. and Shukla, P. and Shurygin, A. and Shurygina, M. and Sibiriak, Y. and Siddi, E. and Siemiarczuk, T. and Sigward, M. H. and Silenzi, A. and Silvermyr, D. and Silvestri, R. and Simili, E. and Simion, V. and Simon, R. and Simonetti, L. and Singaraju, R. and Singhal, V. and Sinha, B. and Sinha, T. and Siska, M. and Sit{\'a}r, B. and Sitta, M. and Skaali, B. and Skowronski, P. and Slodkowski, M. and Smirnov, N. and Smykov, L. and Snellings, R. and Snoeys, W. and Soegaard, C. and Soerensen, J. and Sokolov, O. and Soldatov, A. and Soloviev, A. and Soltveit, H. and Soltz, R. and Sommer, W. and Soos, C. and Soramel, F. and Sorensen, S. and Soyk, D. and {Spyropoulou-Stassinaki}, M. and Stachel, J. and Staley, F. and Stan, I. and Stavinskiy, A. and Steckert, J. and Stefanini, G. and Stefanek, G. and Steinbeck, T. and Stelzer, H. and Stenlund, E. and Stocco, D. and Stockmeier, M. and Stoicea, G. and Stolpovsky, P. and Strme{\v n}, P. and Stutzmann, J. S. and Su, G. and Sugitate, T. and {\v S}umbera, M. and Suire, C. and Susa, T. and Kumar, K. Sushil and Swoboda, D. and Symons, J. and Szarka, I. and Szostak, A. and Szuba, M. and Szymanski, P. and Tadel, M. and Tagridis, C. and Tan, L. and Takaki, D. Tapia and Taureg, H. and Tauro, A. and Tavlet, M. and Munoz, G. Tejeda and Th{\"a}der, J. and Tieulent, R. and Timmer, P. and Tolyhy, T. and Topilskaya, N. and de Matos, C. Torcato and Torii, H. and Toscano, L. and Tosello, F. and Tournaire, A. and Traczyk, T. and Tr{\"o}ger, G. and Tromeur, W. and Truesdale, D. and Trzaska, W. and Tsiledakis, G. and Tsilis, E. and Tsvetkov, A. and Turcato, M. and Turrisi, R. and Tuveri, M. and Tveter, T. and Tydesjo, H. and Tykarski, L. and Tywoniuk, K. and Ugolini, E. and Ullaland, K. and Urb{\'a}n, J. and Urciuoli, G. M. and Usai, G. L. and Usseglio, M. and Vacchi, A. and Vala, M. and Valiev, F. and Vyvre, P. Vande and Brink, A. Van Den and Eijndhoven, N. Van and Kolk, N. Van Der and van Leeuwen, M. and Vannucci, L. and Vanzetto, S. and Vanuxem, J.-P. and Vargas, M. A. and Varma, R. and Vascotto, A. and Vasiliev, A. and Vassiliou, M. and Vasta, P. and Vechernin, V. and Venaruzzo, M. and Vercellin, E. and Vergara, S. and Verhoeven, W. and Veronese, F. and Vetlitskiy, I. and Vernet, R. and Victorov, V. and Vidak, L. and Viesti, G. and Vikhlyantsev, O. and Vilakazi, Z. and Baillie, O. Villalobos and Vinogradov, A. and Vinogradov, L. and Vinogradov, Y. and Virgili, T. and Viyogi, Y. and Vodopianov, A. and Volpe, G. and Vranic, D. and Vrl{\'a}kov{\'a}, J. and Vulpescu, B. and Wabnitz, C. and Wagner, V. and Wallet, L. and Wan, R. and Wang, Y. and Wang, Y. and Wheadon, R. and Weis, R. and Wen, Q. and Wessels, J. and Westergaard, J. and Wiechula, J. and Wiesenaecker, A. and Wikne, J. and Wilk, A. and Wilk, G. and Williams, C. and Willis, N. and Windelband, B. and Witt, R. and Woehri, H. and Wyllie, K. and Xu, C. and Yang, C. and Yang, H. and Yermia, F. and Yin, Z. and Yin, Z. and Ky, B. Yun and Yushmanov, I. and Yuting, B. and Zabrodin, E. and Zagato, S. and Zagreev, B. and Zaharia, P. and Zalite, A. and Zampa, G. and Zampolli, C. and Zanevskiy, Y. and Zarochentsev, A. and Zaudtke, O. and Z{\'a}vada, P. and Zbroszczyk, H. and Zepeda, A. and Zeter, V. and Zgura, I. and Zhalov, M. and Zhou, D. and Zhou, S. and Zhu, G. and Zichichi, A. and Zinchenko, A. and Zinovjev, G. and Zoccarato, Y. and Zubarev, A. and Zucchini, A. and Zuffa, M.},
  year = {2008},
  month = aug,
  journal = {J. Inst.},
  volume = {3},
  number = {08},
  pages = {S08002--S08002},
  publisher = {{IOP Publishing}},
  issn = {1748-0221},
  doi = {10.1088/1748-0221/3/08/S08002},
  abstract = {ALICE (A Large Ion Collider Experiment) is a general-purpose, heavy-ion detector at the CERN LHC which focuses on QCD, the strong-interaction sector of the Standard Model. It is designed to address the physics of strongly interacting matter and the quark-gluon plasma at extreme values of energy density and temperature in nucleus-nucleus collisions. Besides running with Pb ions, the physics programme includes collisions with lighter ions, lower energy running and dedicated proton-nucleus runs. ALICE will also take data with proton beams at the top LHC energy to collect reference data for the heavy-ion programme and to address several QCD topics for which ALICE is complementary to the other LHC detectors. The ALICE detector has been built by a collaboration including currently over 1000 physicists and engineers from 105 Institutes in 30 countries. Its overall dimensions are 16 \texttimes{} 16 \texttimes{} 26 m3 with a total weight of approximately 10 000 t. The experiment consists of 18 different detector systems each with its own specific technology choice and design constraints, driven both by the physics requirements and the experimental conditions expected at LHC. The most stringent design constraint is to cope with the extreme particle multiplicity anticipated in central Pb-Pb collisions. The different subsystems were optimized to provide high-momentum resolution as well as excellent Particle Identification (PID) over a broad range in momentum, up to the highest multiplicities predicted for LHC. This will allow for comprehensive studies of hadrons, electrons, muons, and photons produced in the collision of heavy nuclei. Most detector systems are scheduled to be installed and ready for data taking by mid-2008 when the LHC is scheduled to start operation, with the exception of parts of the Photon Spectrometer (PHOS), Transition Radiation Detector (TRD) and Electro Magnetic Calorimeter (EMCal). These detectors will be completed for the high-luminosity ion run expected in 2010. This paper describes in detail the detector components as installed for the first data taking in the summer of 2008.},
  langid = {english},
  file = {/home/rschotte/snap/zotero-snap/common/Zotero/storage/3XVU9UBF/Collaboration et al. - 2008 - The ALICE experiment at the CERN LHC.pdf}
}

@article{alicecollaboration2014a,
  title = {Performance of the {{ALICE Experiment}} at the {{CERN LHC}}},
  author = {ALICE Collaboration},
  year = {2014},
  month = sep,
  journal = {Int. J. Mod. Phys. A},
  volume = {29},
  number = {24},
  eprint = {1402.4476},
  eprinttype = {arxiv},
  pages = {1430044},
  issn = {0217-751X, 1793-656X},
  doi = {10.1142/S0217751X14300440},
  abstract = {ALICE is the heavy-ion experiment at the CERN Large Hadron Collider. The experiment continuously took data during the first physics campaign of the machine from fall 2009 until early 2013, using proton and lead-ion beams. In this paper we describe the running environment and the data handling procedures, and discuss the performance of the ALICE detectors and analysis methods for various physics observables.},
  archiveprefix = {arXiv},
  keywords = {High Energy Physics - Experiment,Nuclear Experiment},
  file = {/home/rschotte/snap/zotero-snap/common/Zotero/storage/EX2GD3GJ/ALICE Collaboration - 2014 - Performance of the ALICE Experiment at the CERN LH.pdf;/home/rschotte/snap/zotero-snap/common/Zotero/storage/MUKV3CHH/1402.html}
}

@misc{alicecollaboration2017b,
  title = {The {{ALICE}} Definition of Primary Particles},
  author = {ALICE Collaboration},
  year = {2017},
  month = jun,
  journal = {CERN Document Server},
  number = {ALICE-PUBLIC-2017-005},
  abstract = {In this public note, we specify what we mean by the term ``primary particle''.  The definition is motivated by what is in principle measurable by ALICE and that event generators and other such theoretical considerations must be able to reproduce the same requirements.  To this end, we also provide a Rivet projection to be used in ALICE Rivet analyses.},
  howpublished = {https://cds.cern.ch/record/2270008},
  langid = {english},
  file = {/home/rschotte/snap/zotero-snap/common/Zotero/storage/WU3MBJVI/2017 - The ALICE definition of primary particles.pdf;/home/rschotte/snap/zotero-snap/common/Zotero/storage/2BXNYTLN/2270008.html}
}

@misc{alicecollaboration2022,
  title = {First Measurement of the Absorption of \$\^\{3\}\textbackslash overline\{\textbackslash rm \vphantom\}{{He}}\vphantom\{\}\$ Nuclei in Matter and Impact on Their Propagation in the Galaxy},
  author = {ALICE Collaboration},
  year = {2022},
  month = feb,
  number = {arXiv:2202.01549},
  eprint = {2202.01549},
  eprinttype = {arxiv},
  primaryclass = {astro-ph, physics:hep-ex, physics:nucl-ex},
  publisher = {{arXiv}},
  doi = {10.48550/arXiv.2202.01549},
  abstract = {Antimatter particles such as positrons and antiprotons abound in the cosmos. Much less common are light antinuclei, composed of antiprotons and antineutrons, which can be produced in our galaxy via high-energy cosmic-ray collisions with the interstellar medium or could also originate from the annihilation of the still undiscovered dark-matter particles. On Earth, the only way to produce and study antinuclei with high precision is to create them at high-energy particle accelerators like the Large Hadron Collider (LHC). Though the properties of elementary antiparticles have been studied in detail, knowledge of the interaction of light antinuclei with matter is rather limited. This work focuses on the determination of the disappearance probability of \textbackslash ahe\textbackslash{} when it encounters matter particles and annihilates or disintegrates. The material of the ALICE detector at the LHC serves as a target to extract the inelastic cross section for \textbackslash ahe\textbackslash{} in the momentum range of \$1.17 \textbackslash leq p {$<$} 10\$ GeV/\$c\$. This inelastic cross section is measured for the first time and is used as an essential input to calculations of the transparency of our galaxy to the propagation of \$\^\{3\}\textbackslash overline\{\textbackslash rm He\}\$ stemming from dark-matter decays and cosmic-ray interactions within the interstellar medium. A transparency of about 50\% is estimated using the GALPROP program for a specific dark-matter profile and a standard set of propagation parameters. For cosmic-ray sources, the obtained transparency with the same propagation scheme varies with increasing \$\^\{3\}\textbackslash overline\{\textbackslash rm He\}\$ momentum from 25\% to 90\%. The absolute uncertainties associated to the \$\^\{3\}\textbackslash overline\{\textbackslash rm He\}\$ inelastic cross section measurements are of the order of 10\%\$-\$15\%. The reported results indicate that \$\^\{3\}\textbackslash overline\{\textbackslash rm He\}\$ nuclei can travel long distances in the galaxy, and can be used to study cosmic-ray interactions and dark-matter decays.},
  archiveprefix = {arXiv},
  keywords = {Astrophysics - Astrophysics of Galaxies,High Energy Physics - Experiment,Nuclear Experiment},
  file = {/home/rschotte/snap/zotero-snap/common/Zotero/storage/2DVRQY5A/ALICE Collaboration - 2022 - First measurement of the absorption of $^ 3 overl.pdf;/home/rschotte/snap/zotero-snap/common/Zotero/storage/DTVG7QEY/2202.html}
}

@article{atlascollaboration2012,
  title = {Kshort and {{Lambda}} Production in Pp Interactions at Sqrt(s) = 0.9 and 7 {{TeV}} Measured with the {{ATLAS}} Detector at the {{LHC}}},
  author = {ATLAS Collaboration},
  year = {2012},
  month = jan,
  journal = {Phys. Rev. D},
  volume = {85},
  number = {1},
  eprint = {1111.1297},
  eprinttype = {arxiv},
  pages = {012001},
  issn = {1550-7998, 1550-2368},
  doi = {10.1103/PhysRevD.85.012001},
  abstract = {The production of Kshort and Lambda hadrons is studied in inelastic pp collisions at sqrt(s) = 0.9 and 7 TeV collected with the ATLAS detector at the LHC using a minimum-bias trigger. The observed distributions of transverse momentum, rapidity, and multiplicity are corrected to hadron level in a model-independent way within well defined phase-space regions. The distribution of the production ratio of Lambdabar to Lambda baryons is also measured. The results are compared with various Monte Carlo simulation models. Although most of these models agree with data to within 15\% in the Kshort distributions, substantial disagreements with data are found in the Lambda distributions of transverse momentum.},
  archiveprefix = {arXiv},
  keywords = {High Energy Physics - Experiment},
  file = {/home/rschotte/snap/zotero-snap/common/Zotero/storage/K8D4JB8B/ATLAS Collaboration - 2012 - Kshort and Lambda production in pp interactions at.pdf;/home/rschotte/snap/zotero-snap/common/Zotero/storage/EPDPUUMQ/1111.html}
}

@misc{barlow2000,
  title = {{{SLUO Lectures}} on {{Statistics}} and {{Numerical Methods}} in {{HEP}} ({{SLUO}})},
  author = {Barlow, Roger and Porter, Frank and Graf, Norman},
  year = {2000},
  month = aug,
  howpublished = {https://www-group.slac.stanford.edu/sluo/lectures/Stat\_Lectures.html},
  file = {/home/rschotte/snap/zotero-snap/common/Zotero/storage/DXZJCCUE/Stat_Lectures.html}
}

@misc{barlow2002,
  title = {Systematic {{Errors}}: Facts and Fictions},
  shorttitle = {Systematic {{Errors}}},
  author = {Barlow, Roger},
  year = {2002},
  month = jul,
  number = {arXiv:hep-ex/0207026},
  eprint = {hep-ex/0207026},
  eprinttype = {arxiv},
  publisher = {{arXiv}},
  doi = {10.48550/arXiv.hep-ex/0207026},
  abstract = {The treatment of systematic errors is often mishandled. This is due to lack of understanding and education, based on a fundamental ambiguity as to what is meant by the term. This note addresses the problems and offers guidance to good practice.},
  archiveprefix = {arXiv},
  keywords = {High Energy Physics - Experiment},
  file = {/home/rschotte/snap/zotero-snap/common/Zotero/storage/WMUEEMWV/Barlow - 2002 - Systematic Errors facts and fictions.pdf;/home/rschotte/snap/zotero-snap/common/Zotero/storage/PGLMW6PZ/0207026.html}
}

@misc{bukin2007,
  title = {Fitting Function for Asymmetric Peaks},
  author = {Bukin, A. D.},
  year = {2007},
  month = dec,
  number = {arXiv:0711.4449},
  eprint = {0711.4449},
  eprinttype = {arxiv},
  primaryclass = {physics},
  publisher = {{arXiv}},
  doi = {10.48550/arXiv.0711.4449},
  abstract = {In the paper a new fitting function is suggested, which can essentially increase the existing instrumentation for fitting of asymmetric peaks with the only maximum.},
  archiveprefix = {arXiv},
  keywords = {Physics - Computational Physics,Physics - Data Analysis; Statistics and Probability},
  file = {/home/rschotte/snap/zotero-snap/common/Zotero/storage/XZZS3ZR7/Bukin - 2007 - Fitting function for asymmetric peaks.pdf;/home/rschotte/snap/zotero-snap/common/Zotero/storage/S6REKB7J/0711.html}
}

@article{chan1998,
  title = {Measurement of the Properties of the \$\{\textbackslash overline\{\textbackslash ensuremath\{\textbackslash\vphantom{\}\}\}}{{Omega}}\vphantom\{\}\vphantom\{\}\vphantom\{\}\^\{+\}\$ and \$\{\textbackslash ensuremath\{\textbackslash\vphantom{\}\}}{{Omega}}\vphantom\{\}\vphantom\{\}\^\{\textbackslash ensuremath\{-\}\}\$ Hyperons},
  author = {Chan, A. W. and Cheng, K. C. and Luk, K. B. and James, C. and Rameika, R. and Ho, P. M. and Longo, M. J. and Nguyen, A. and Duryea, J. and Guglielmo, G. and Heller, K. and Johns, K. and Diehl, H. T. and Teige, S. and Thomson, G. B. and Zou, Y. and {E756 Collaboration}},
  year = {1998},
  month = aug,
  journal = {Phys. Rev. D},
  volume = {58},
  number = {7},
  pages = {072002},
  publisher = {{American Physical Society}},
  doi = {10.1103/PhysRevD.58.072002},
  abstract = {We have analyzed \textasciimacron{$\Omega$}+ and {$\Omega-$} events produced in the inclusive reaction p+Be\textrightarrow{$\Omega$}+X and have measured some properties of the \textasciimacron{$\Omega$}+ and {$\Omega-$} hyperons via the decay \textrightarrow{$\Omega\Lambda\rightarrow$}Kp{$\pi$}K. The measured \textasciimacron{$\Omega$}+ lifetime was {$\tau$}\textasciimacron{$\Omega$}=(0.823{$\pm$}0.038)\texttimes 10-10s({$\chi$}2/NDF=1.52), and the measured decay parameter was {$\alpha$}\textasciimacron{$\Omega$}=0.017{$\pm$}0.077({$\chi$}2/NDF=1.74). The corresponding values for the {$\Omega-$} were {$\tau\Omega$}=(0.817{$\pm$}0.022)\texttimes 10-10s({$\chi$}2/NDF=1.17) and {$\alpha\Omega$}=-0.028{$\pm$}0.047({$\chi$}2/NDF=1.49). In addition, the measurement of the normalized mass difference between the \textasciimacron{$\Omega$}+ and {$\Omega-$} yielded {$\Delta$}M{$\Omega$}/M{$\Omega$}=(1.44{$\pm$}7.98)\texttimes 10-5. The measurements were all in good agreement with CPT invariance.},
  file = {/home/rschotte/snap/zotero-snap/common/Zotero/storage/YX8TR57Z/Chan et al. - 1998 - Measurement of the properties of the $ overline .pdf;/home/rschotte/snap/zotero-snap/common/Zotero/storage/G769HI4M/PhysRevD.58.html}
}

@article{hartouni1985,
  title = {Inclusive {{Production}} of \$\{\textbackslash ensuremath\{\textbackslash\vphantom{\}\}}{{Omega}}\vphantom\{\}\vphantom\{\}\^\{\textbackslash ensuremath\{-\}\}\$ and \$\{\textbackslash overline\{\textbackslash ensuremath\{\textbackslash\vphantom{\}\}\}}{{Omega}}\vphantom\{\}\vphantom\{\}\vphantom\{\}\^\{+\}\$ by \$\{\vphantom\}{{K}}\vphantom\{\}\_\{\vphantom\}{{L}}\vphantom\{\}\^\{0\}\$-{{Carbon Interactions}} in the {{Energy Range}} 80-280 {{GeV}}/c},
  author = {Hartouni, E. P. and Atiya, M. S. and Holmes, S. D. and Knapp, B. C. and Lee, W. and Seto, R. and Wisniewski, W. and Avery, P. and Butler, J. and Gladding, G. and Goodman, M. C. and Lamm, M. and O'Halloran, T. and Russell, J. J. and Wattenberg, A. and Wiss, J. and Binkley, M. and Cumalat, J. P. and Gaines, I. and Gormley, M. and Loveless, R. and Peoples, J.},
  year = {1985},
  month = feb,
  journal = {Phys. Rev. Lett.},
  volume = {54},
  number = {7},
  pages = {628--630},
  publisher = {{American Physical Society}},
  doi = {10.1103/PhysRevLett.54.628},
  abstract = {We have measured the total cross sections of {$\Omega-$} and \textasciimacron{$\Omega$}+ forward (xF{$>\sptilde$}0) inclusive production in K0L-carbon interactions in the range EK0=80 to 280 GeV to be 3.5{$\pm$}1.4 and 2.4{$\pm$}1.0 {$\mu$}b, respectively. We observe that the xF distributions for both of these states are increasing from xF=0 to xF{$\approx$}0.6. The p2{$\perp$} distributions are described as an exponential function in p{$\perp$} with an average p2{$\perp$} of 0.540 GeV2/c2.},
  file = {/home/rschotte/snap/zotero-snap/common/Zotero/storage/9NYKUL9T/PhysRevLett.54.html}
}

@article{luders1957a,
  title = {Some {{Consequences}} of {{TCP}} -{{Invariance}}},
  author = {L{\"u}ders, Gerhart and Zumino, Bruno},
  year = {1957},
  month = apr,
  journal = {Phys. Rev.},
  volume = {106},
  number = {2},
  pages = {385--386},
  issn = {0031-899X},
  doi = {10.1103/PhysRev.106.385},
  langid = {english}
}

@article{lueders1954,
  title = {On the {{Equivalence}} of {{Invariance}} under {{Time Reversal}} and under {{Particle-Antiparticle Conjugation}} for {{Relativistic Field Theories}}},
  author = {Lueders, G.},
  year = {1954},
  journal = {Matematisk-Fysiske Meddelelser Kongelige Danske Videnskabernes Selskab},
  volume = {28},
  number = {5},
  pages = {1--17},
  issn = {0023-3323}
}

@phdthesis{niel2021,
  title = {Precise Measurements of Charmed Baryon Properties with the {{LHCb}} Detector at the {{LHC}}},
  author = {Niel, Elisabeth Maria},
  year = {2021},
  month = sep,
  abstract = {Charmed baryon polarization is not predicted by theory and it is a necessary input for the measurement of the charmed baryons magnetic dipole moment (MDM) which is foreseen at the LHC. Baryon's polarization has been measured for strange (Lambda) and beauty (Lambda\_b) baryons in different colliding systems, however, no measurement exists for charmed baryons as of today. In this thesis, the Lambda\_c polarization is measured by mean of a five-dimensional amplitude analysis of the three-body weak decay Lc-{$>$}pKpi of Lc produced in pp collisions at a center of mass energy of 13 TeV.The Lc-{$>$}pKpi decay passes through intermediate resonant states which interfere with each other, and which need to be included in the amplitude. First, the equations describing the amplitude of this three-body decay have been derived within the helicity formalism. The polarization is accounted for by mean of the spin density matrix and the intermediate resonant states are described using the isobar model factorization. This work allowed to better understand the helicity amplitudes and can be easily extended to other three-body baryonic decays featuring particles with spin in the final state.Then, the helicity amplitudes obtained are used to describe the data collected by the LHCb detector at CERN during the 2016 data taking period (Run 2), corresponding to an integrated luminosity of 1.7 fb\^-1. Since the polarization depends on the production mechanism involved, it is important to separate the Lc produced directly after the pp collisions via strong interactions (prompt production), from the Lc produced via a weak decay of other baryons (secondary production). In this analysis, the promptly produced Lc are studied.The Lc-{$>$}pKpi decay, with a branching ratio of 6.28 +- 0.32 \%, is the most abundant Lc decay mode and the final data sample, after the optimization of the selection chain, contains around \textasciitilde 500 000 signal events, it has a signal purity of \textasciitilde 97\% and the contamination due to secondary Lc is less than 2 \%. The asymmetry parameters of the intermediate decays, which are combinations of the helicity couplings contained in the amplitude, are also measured along with the fit fractions, which describe the contribution of each resonance to the total amplitude. The results of the Lc-{$>$}pKpi amplitude analysis will be used to measure the polarization of Lc baryons produced in proton gas (pNe) collisions, using a data sample collected by the LHCb detector during 2017 at a center of mass energy of 68 GeV.The next data acquisition phase, foreseen in 2022, will see an increase of the collision rate by a factor of 5 at LHCb. A new detector, called PLUME, has been designed to perform a luminosity measurement in the new running conditions. In this thesis, the front-end electronics of the LHCb calorimeter has been tested to prove that it is adapted for the PLUME detector needs and it is now the baseline electronics for PLUME. Finally, a measurement of the LHCb clock shift using the PLUME detector is proposed. The LHCb clock can be desynchronized from the LHC main clock; a shift up to 1 ns has been measured during Run 1 and Run 2, using the Outer Tracker (OT), with a time resolution of 0.5 ns. During Run 3 the OT will be removed and LHCb will collect data at 40 MHz with a new triggering scheme based on an entirely software trigger. Stable running conditions are essential for such a scheme to work, and the clock shift could have a large impact on the LHCb detector performances. PLUME could be used to monitor the LHCb clock shift and in this thesis a preliminary timing measurement is performed probing the feasibility of such a measurement and opening the route to further studies.},
  langid = {english},
  school = {Universit\'e Paris-Saclay},
  file = {/home/rschotte/snap/zotero-snap/common/Zotero/storage/LYHUYL8C/Niel - 2021 - Precise measurements of charmed baryon properties .pdf;/home/rschotte/snap/zotero-snap/common/Zotero/storage/RCDIIWRG/tel-03414369.html}
}

@article{particledatagroup2022,
  title = {Review of {{Particle Physics}}},
  author = {Particle Data Group},
  year = {2022},
  journal = {PTEP},
  volume = {2022},
  pages = {083C01},
  doi = {10.1093/ptep/ptac097},
  abstract = {Workman, R. L. and Others}
}

@article{shahoyan2007,
  title = {Summary of the {{L3}} Magnet Field Analysis.},
  author = {Shahoyan, Ruben},
  year = {2007},
  journal = {InternalNote/Computing},
  number = {ALICE-INT-2007-012},
  abstract = {The details of the analysis of the L3 solenoid magnetic field measured in 2005 are presented. The problems affecting the measurement precision are identified and the method used to build the corrected CPU efficient parameterization is explained.}
}

@book{sozzi2007,
  title = {Discrete {{Symmetries}} and {{CP Violation}}},
  author = {Sozzi, Marco},
  year = {2007},
  month = nov,
  publisher = {{Oxford University Press}},
  doi = {10.1093/acprof:oso/9780199296668.001.0001},
  isbn = {978-0-19-929666-8}
}

@misc{verkerke2008,
  title = {{{RooFit Users Manual}} v2.91},
  author = {Verkerke, W and Kirkby, D},
  year = {2008},
  annotation = {Revised (typos fixing) - September 18, 2019}
}


